@inproceedings{gutterman2006analysis,
  title={Analysis of the linux random number generator},
  author={Gutterman, Zvi and Pinkas, Benny and Reinman, Tzachy},
  booktitle={Security and Privacy, 2006 IEEE Symposium on},
  pages={15--pp},
  year={2006},
  organization={IEEE}
}


@misc{lacharme:hal-01005441,
  TITLE = {{The Linux Pseudorandom Number Generator Revisited}},
  AUTHOR = {Lacharme, Patrick and Rock, Andrea and Strubel, Vincent and Videau, Marion},
  URL = {https://hal.archives-ouvertes.fr/hal-01005441},
  NOTE = {d{\'e}pos{\'e} sur Cryptology ePrint Archive (http://eprint.iacr.org/)},
  YEAR = {2012},
  PDF = {https://hal.archives-ouvertes.fr/hal-01005441/file/ap-lacharme-2012-1.pdf},
  HAL_ID = {hal-01005441},
  HAL_VERSION = {v1},
}

@Article{Krawczyk:1992:HPC,
  author =       "Hugo Krawczyk",
  title =        "How to predict congruential generators",
  journal =      j-J-ALG,
  volume =       "13",
  number =       "4",
  pages =        "527--545",
  month =        dec,
  year =         "1992",
  CODEN =        "JOALDV",
  DOI =          "http://dx.doi.org/10.1016/0196-6774(92)90054-G",
  ISSN =         "0196-6774 (print), 1090-2678 (electronic)",
  ISSN-L =       "0196-6774",
  bibdate =      "Tue Dec 11 09:15:19 MST 2012",
  bibsource =    "http://www.math.utah.edu/pub/tex/bib/jalg.bib",
  URL =          "http://www.sciencedirect.com/science/article/pii/019667749290054G",
  acknowledgement = ack-nhfb,
  fjournal =     "Journal of Algorithms",
  journal-URL =  "http://www.sciencedirect.com/science/journal/01966774",
}


@article{eprint-2015-26658,
  title={Predictive Models for Min-Entropy Estimation},
  journal={IACR Cryptology ePrint Archive},
  volume={2015},
  pages={600},
  author={John Kelsey and Kerry A. McKay and Meltem SÃ¶nmez Turan},
  year=2015
}

@article{Ecuyer2007,
 author = {L'Ecuyer, Pierre and Simard, Richard},
 title = {TestU01: A C Library for Empirical Testing of Random Number Generators},
 journal = {ACM Trans. Math. Softw.},
 issue_date = {August 2007},
 volume = {33},
 number = {4},
 month = aug,
 year = {2007},
 issn = {0098-3500},
 pages = {22:1--22:40},
 articleno = {22},
 numpages = {40},
 url = {http://doi.acm.org/10.1145/1268776.1268777},
 doi = {10.1145/1268776.1268777},
 acmid = {1268777},
 publisher = {ACM},
 address = {New York, NY, USA},
 keywords = {Statistical software, random number generators, random number tests, statistical test},
} 

@techreport{Bassham:2010:SRS:2206233,
 author = {Bassham,III, Lawrence E. and Rukhin, Andrew L. and Soto, Juan and Nechvatal, James R. and Smid, Miles E. and Barker, Elaine B. and Leigh, Stefan D. and Levenson, Mark and Vangel, Mark and Banks, David L. and Heckert, Nathanael Alan and Dray, James F. and Vo, San},
 title = {SP 800-22 Rev. 1a. A Statistical Test Suite for Random and Pseudorandom Number Generators for Cryptographic Applications},
 year = {2010},
 publisher = {National Institute of Standards \& Technology},
 address = {Gaithersburg, MD, United States},
} 

@article{Shannon:2001:MTC:584091.584093,
 author = {Shannon, C. E.},
 title = {A Mathematical Theory of Communication},
 journal = {SIGMOBILE Mob. Comput. Commun. Rev.},
 issue_date = {January 2001},
 volume = {5},
 number = {1},
 month = jan,
 year = {2001},
 issn = {1559-1662},
 pages = {3--55},
 numpages = {53},
 url = {http://doi.acm.org.focus.lib.kth.se/10.1145/584091.584093},
 doi = {10.1145/584091.584093},
 acmid = {584093},
 publisher = {ACM},
 address = {New York, NY, USA},
} 

@article{800-90A,
  title={Recommendation for random number generation using deterministic random bit generators (revised)},
  author={Barker, Elaine and Kelsey, John},
  journal={NIST Special Publication},
  pages={800--90},
  year={2011}
}

@book{800-90B,
  title={(Second DRAFT) Recommendation for the Entropy Sources Used for Random Bit Generator},
  author={Barker, Elaine B and Kelsey, John Michael},
  year={2016},
  publisher={US Department of Commerce, National Institute of Standards and Technology}
}
@article{800-90C,
  title={Recommendation for Random Bit Generator (RBG) Constructions (DRAFT NIST Special Publication 800-90C)},
  author={Barker, E and Kelsey, J},
  journal={National Institute of Standards and Technology},
  year={2012}
}

@manual{/dev/random,
 title      = "RANDOM(4) Linux Programmer's Manual",
 %author        = "Michael Kerrisk",
 %organization  = "",
 %address   = "",
 %edition   = "",
 year       = "2017",
 month      = "January",
 %note      = "",
}

@article{brown2017dieharder,
  title={Dieharder: A random number test suite},
  author={Brown, Robert G and Eddelbuettel, Dirk and Bauer, David},
  journal={Open Source software library, under development},
  year={2017}
}

@article{haahr2010random,
  title={Random. org: True random number service},
  author={Haahr, Mads},
  journal={School of Computer Science and Statistics, Trinity College, Dublin, Ireland. Website (http://www. random. org). Accessed},
  volume={1},
  year={2017}
}

@article{goldberg1996randomness,
  title={Randomness and the Netscape browser},
  author={Goldberg, Ian and Wagner, David},
  journal={Dr Dobb's Journal-Software Tools for the Professional Programmer},
  volume={21},
  number={1},
  pages={66--71},
  year={1996},
  publisher={Redwood City, CA: M\&T Pub., 1989-}
}
@inproceedings{yilek2009private,
  title={When private keys are public: results from the 2008 Debian OpenSSL vulnerability},
  author={Yilek, Scott and Rescorla, Eric and Shacham, Hovav and Enright, Brandon and Savage, Stefan},
  booktitle={Proceedings of the 9th ACM SIGCOMM conference on Internet measurement conference},
  pages={15--27},
  year={2009},
  organization={ACM}
}
