@article{eprint-2015-26658,
  title={Predictive Models for Min-Entropy Estimation},
  journal={IACR Cryptology ePrint Archive},
  volume={2015},
  pages={600},
  author={John Kelsey and Kerry A. McKay and Meltem SÃ¶nmez Turan},
  year=2015
}

@article{Ecuyer2007,
 author = {L'Ecuyer, Pierre and Simard, Richard},
 title = {TestU01: A C Library for Empirical Testing of Random Number Generators},
 journal = {ACM Trans. Math. Softw.},
 issue_date = {August 2007},
 volume = {33},
 number = {4},
 month = aug,
 year = {2007},
 issn = {0098-3500},
 pages = {22:1--22:40},
 articleno = {22},
 numpages = {40},
 url = {http://doi.acm.org/10.1145/1268776.1268777},
 doi = {10.1145/1268776.1268777},
 acmid = {1268777},
 publisher = {ACM},
 address = {New York, NY, USA},
 keywords = {Statistical software, random number generators, random number tests, statistical test},
} 

@techreport{Bassham:2010:SRS:2206233,
 author = {Bassham,III, Lawrence E. and Rukhin, Andrew L. and Soto, Juan and Nechvatal, James R. and Smid, Miles E. and Barker, Elaine B. and Leigh, Stefan D. and Levenson, Mark and Vangel, Mark and Banks, David L. and Heckert, Nathanael Alan and Dray, James F. and Vo, San},
 title = {SP 800-22 Rev. 1a. A Statistical Test Suite for Random and Pseudorandom Number Generators for Cryptographic Applications},
 year = {2010},
 publisher = {National Institute of Standards \& Technology},
 address = {Gaithersburg, MD, United States},
} 

@article{Shannon:2001:MTC:584091.584093,
 author = {Shannon, C. E.},
 title = {A Mathematical Theory of Communication},
 journal = {SIGMOBILE Mob. Comput. Commun. Rev.},
 issue_date = {January 2001},
 volume = {5},
 number = {1},
 month = jan,
 year = {2001},
 issn = {1559-1662},
 pages = {3--55},
 numpages = {53},
 url = {http://doi.acm.org.focus.lib.kth.se/10.1145/584091.584093},
 doi = {10.1145/584091.584093},
 acmid = {584093},
 publisher = {ACM},
 address = {New York, NY, USA},
} 

@article{800-90A,
  title={Recommendation for random number generation using deterministic random bit generators (revised)},
  author={Barker, Elaine and Kelsey, John},
  journal={NIST Special Publication},
  pages={800--90},
  year={2011}
}

@book{800-90B,
  title={(Second DRAFT) Recommendation for the Entropy Sources Used for Random Bit Generator},
  author={Barker, Elaine B and Kelsey, John Michael},
  year={2016},
  publisher={US Department of Commerce, National Institute of Standards and Technology}
}
@article{800-90C,
  title={Recommendation for Random Bit Generator (RBG) Constructions (DRAFT NIST Special Publication 800-90C)},
  author={Barker, E and Kelsey, J},
  journal={National Institute of Standards and Technology},
  year={2012}
}

@manual{/dev/random,
 title      = "RANDOM(4) Linux Programmer's Manual",
 %author        = "",
 %organization  = "",
 %address   = "",
 %edition   = "",
 year       = "2017",
 month      = "January",
 %note      = "",
}
